<?xml version="1.0" encoding="UTF-8"?>
<CBIPaymentRequest xmlns="urn:CBI:xsd:CBIPaymentRequest.00.04.00">
    <GrpHdr>
        <MsgId>1</MsgId>
        <CreDtTm>2022-02-05T18:19:00+01:00</CreDtTm>
        <NbOfTxs>1</NbOfTxs>
        <CtrlSum>760.00</CtrlSum>
        <InitgPty>
            <Nm>Condividendo Italia s.r.l.</Nm>
            <Id>
                <OrgId>
                    <Othr>
                        <Id>12345678</Id>
                        <Issr>CBI</Issr>
                    </Othr>
                </OrgId>
            </Id>
        </InitgPty>
    </GrpHdr>
    <PmtInf>
        <PmtInfId>1</PmtInfId>
        <PmtMtd>TRA</PmtMtd>
        <BtchBookg>true</BtchBookg>
        <PmtTpInf>
            <InstrPrty>NORM</InstrPrty>
            <SvcLvl>
                <Cd>SEPA</Cd>
            </SvcLvl>
        </PmtTpInf>
        <ReqdExctnDt>2022-02-06</ReqdExctnDt>
        <Dbtr>
            <Nm>Condividendo Italia s.r.l.</Nm>
        </Dbtr>
        <DbtrAcct>
            <Id>
                <IBAN>IT60X0542811101000000123456</IBAN>
            </Id>
        </DbtrAcct>
        <DbtrAgt>
            <FinInstnId>
                <ClrSysMmbId>
                    <MmbId>01234</MmbId>
                </ClrSysMmbId>
            </FinInstnId>
        </DbtrAgt>
        <ChrgBr>SLEV</ChrgBr>
        <CdtTrfTxInf>
            <PmtId>
                <InstrId>1</InstrId>
                <EndToEndId>1.1</EndToEndId>
            </PmtId>
            <PmtTpInf>
                <CtgyPurp>
                    <Cd>SUPP</Cd>
                </CtgyPurp>
            </PmtTpInf>
            <Amt>
                <InstdAmt Ccy="EUR">760.00</InstdAmt>
            </Amt>
            <Cdtr>
                <Nm>Pinco Pallino</Nm>
            </Cdtr>
            <CdtrAcct>
                <Id>
                    <IBAN>IT60X0542811101000000123456</IBAN>
                </Id>
            </CdtrAcct>
            <RmtInf>
                <Ustrd>Abcd 123</Ustrd>
            </RmtInf>
        </CdtTrfTxInf>
    </PmtInf>
</CBIPaymentRequest>